#----------Example----------
@book{mobley2002introduction,
  title={An introduction to predictive maintenance},
  author={Mobley, R Keith},
  year={2002},
  publisher={Elsevier}
}
@article{qadri2020future,
  title={The future of healthcare internet of things: a survey of emerging technologies},
  author={Qadri, Yazdan Ahmad and Nauman, Ali and Zikria, Yousaf Bin and Vasilakos, Athanasios V and Kim, Sung Won},
  journal={IEEE Communications Surveys \& Tutorials},
  volume={22},
  number={2},
  pages={1121--1167},
  year={2020},
  publisher={IEEE}
}
@article{ismail2019manufacturing,
  title={Manufacturing process data analysis pipelines: a requirements analysis and survey},
  author={Ismail, Ahmed and Truong, Hong-Linh and Kastner, Wolfgang},
  journal={Journal of Big Data},
  volume={6},
  number={1},
  pages={1--26},
  year={2019},
  publisher={SpringerOpen}
}
@article{sahal2020big,
  title={Big data and stream processing platforms for Industry 4.0 requirements mapping for a predictive maintenance use case},
  author={Sahal, Radhya and Breslin, John G and Ali, Muhammad Intizar},
  journal={Journal of manufacturing systems},
  volume={54},
  pages={138--151},
  year={2020},
  publisher={Elsevier}
}
@inproceedings{canizo2017real,
  title={Real-time predictive maintenance for wind turbines using Big Data frameworks},
  author={Canizo, Mikel and Onieva, Enrique and Conde, Angel and Charramendieta, Santiago and Trujillo, Salvador},
  booktitle={2017 IEEE International Conference on Prognostics and Health Management (ICPHM)},
  pages={70--77},
  year={2017},
  organization={IEEE}
}
@inproceedings{yamato2016proposal,
  title={Proposal of lambda architecture adoption for real time predictive maintenance},
  author={Yamato, Yoji and Kumazaki, Hiroki and Fukumoto, Yoshifumi},
  booktitle={2016 fourth international symposium on computing and networking (CANDAR)},
  pages={713--715},
  year={2016},
  organization={IEEE}
}
@article{short2019industrial,
  title={An industrial digitalization platform for condition monitoring and predictive maintenance of pumping equipment},
  author={Short, Michael and Twiddle, John},
  journal={Sensors},
  volume={19},
  number={17},
  pages={3781},
  year={2019},
  publisher={Multidisciplinary Digital Publishing Institute}
}



#------------------- TEST
@inproceedings{lazovik2017runtime,
  title={Runtime modifications of spark data processing pipelines},
  author={Lazovik, Elena and Medema, Michel and Albers, Toon and Langius, Erik and Lazovik, Alexander},
  booktitle={2017 International Conference on Cloud and Autonomic Computing (ICCAC)},
  pages={34--45},
  year={2017},
  organization={IEEE}
}
@article{yousefi2018task,
  title={A task-based greedy scheduling algorithm for minimizing energy of mapreduce jobs},
  author={Yousefi, Mostafa Hadadian Nejad and Goudarzi, Maziar},
  journal={Journal of Grid Computing},
  volume={16},
  number={4},
  pages={535--551},
  year={2018},
  publisher={Springer}
}